<?xml version="1.0" encoding="UTF-8" ?>
<collection xmlns:xsi="http://www.w3.org/2001/XMLSchema-instance" xsi:schemaLocation="http://www.loc.gov/MARC21/slim http://www.loc.gov/standards/marcxml/schema/MARC21slim.xsd" xmlns="http://www.loc.gov/MARC21/slim">
   <record>
      <leader>     cam a22      a 4500</leader>
      <controlfield tag="001">3754392</controlfield>
      <controlfield tag="003">NIC</controlfield>
      <controlfield tag="005">20141222215252.0</controlfield>
      <controlfield tag="008">940706s1964    iq            000 0 arar </controlfield>
      <datafield tag="010" ind1=" " ind2=" ">
         <subfield code="a">ne 68005036  </subfield>
      </datafield>
      <datafield tag="035" ind1=" " ind2=" ">
         <subfield code="a">(NIC)notisASX2640</subfield>
      </datafield>
      <datafield tag="035" ind1=" " ind2=" ">
         <subfield code="a">3754392</subfield>
      </datafield>
      <datafield tag="035" ind1=" " ind2=" ">
         <subfield code="a">(OCoLC)30715799</subfield>
      </datafield>
      <datafield tag="040" ind1=" " ind2=" ">
         <subfield code="a">DLC</subfield>
         <subfield code="c">CUY</subfield>
         <subfield code="d">CUY</subfield>
         <subfield code="d">NIC</subfield>
      </datafield>
      <datafield tag="050" ind1=" " ind2=" ">
         <subfield code="a">DS38.2</subfield>
         <subfield code="b">G63</subfield>
      </datafield>
      <datafield tag="100" ind1="1" ind2=" ">
         <subfield code="a">Goeje, M. J. de</subfield>
         <subfield code="q">(Michael Jan),</subfield>
         <subfield code="d">1836-1909,</subfield>
         <subfield code="e">ed.</subfield>
      </datafield>
      <datafield tag="245" ind1="1" ind2="3">
         <subfield code="a">al-ʻUyūn wa-al-ḥadāʼiq fī akhbār al-ḥaqāʼiq :</subfield>
         <subfield code="b">li-muʼallif majhūl, min khilāfat al-Walīd Ibn ʻAbd al-Malik ilá khilāfat al-Muʻtaṣam, wa-yalīhu mujallad min Tajārib al-Umam li-Miskawayh, wa-fīhi ḥawādith al-sanawāt 198-251 H.</subfield>
      </datafield>
      <datafield tag="260" ind1=" " ind2=" ">
         <subfield code="a">Baghdād :</subfield>
         <subfield code="b">yuṭlabu min Maktabat al-Muthanná,</subfield>
         <subfield code="c">[1964?]</subfield>
      </datafield>
      <datafield tag="300" ind1=" " ind2=" ">
         <subfield code="a">616, viii, x p. ;</subfield>
         <subfield code="c">26 cm.</subfield>
      </datafield>
      <datafield tag="500" ind1=" " ind2=" ">
         <subfield code="a">Reprint of the edition published in Leiden, 1869-71.</subfield>
      </datafield>
      <datafield tag="500" ind1=" " ind2=" ">
         <subfield code="a">al-ʻUyūn wa-al-ḥadāʼiq fī akhbār al-ḥaqāʼiq.  al-Juzʼ 3. 1964?</subfield>
      </datafield>
      <datafield tag="500" ind1=" " ind2=" ">
         <subfield code="a">Added t.p.:  Fragmenta historicorum Arabicorum, et quidem pars tertia operis Kitábo &apos;l-oyun wa &apos;l-hadáik fi akhbári &apos;l-hakáik, et pars sexta operis Tadjáribo &apos;l-omamo, auctore Ibn Maskowaih, quae cum indicibus et glossario edidit M. J. de Goeje.</subfield>
      </datafield>
      <datafield tag="500" ind1=" " ind2=" ">
         <subfield code="a">Title:  Fragmenta historicorum Arabicorum.</subfield>
      </datafield>
      <datafield tag="600" ind1="1" ind2="0">
         <subfield code="a">Ibn Miskawayh, Aḥmad ibn Muḥammad,</subfield>
         <subfield code="d">-1030.</subfield>
         <subfield code="t">Tajārib al-Umam. al-Juzʼ 6. 1964?</subfield>
      </datafield>
      <datafield tag="651" ind1=" " ind2="0">
         <subfield code="a">Islamic Empire</subfield>
         <subfield code="x">History.</subfield>
      </datafield>
      <datafield tag="651" ind1=" " ind2="7">
         <subfield code="a">Islamic Empire</subfield>
         <subfield code="2">fast</subfield>
         <subfield code="0">(OCoLC)fst01244134</subfield>
      </datafield>
      <datafield tag="655" ind1=" " ind2="7">
         <subfield code="a">History</subfield>
         <subfield code="2">fast</subfield>
         <subfield code="0">(OCoLC)fst01411628</subfield>
      </datafield>
      <datafield tag="740" ind1="0" ind2=" ">
         <subfield code="a">Tajārib al-Umam.</subfield>
      </datafield>
      <datafield tag="905" ind1=" " ind2=" ">
         <subfield code="a">20000210120000.0</subfield>
      </datafield>
      <datafield tag="948" ind1="2" ind2=" ">
         <subfield code="a">20121023</subfield>
         <subfield code="b">m</subfield>
         <subfield code="d">batch</subfield>
         <subfield code="e">lts</subfield>
         <subfield code="x">remove999</subfield>
      </datafield>
      <datafield tag="948" ind1="2" ind2=" ">
         <subfield code="a">20141222</subfield>
         <subfield code="b">m</subfield>
         <subfield code="d">batch</subfield>
         <subfield code="e">lts</subfield>
         <subfield code="x">addfast</subfield>
      </datafield>
      <datafield tag="950" ind1=" " ind2=" ">
         <subfield code="l">OLIN</subfield>
         <subfield code="x">9999</subfield>
         <subfield code="a">DS38.2</subfield>
         <subfield code="b">.G59 1964</subfield>
      </datafield>
      <datafield tag="903" ind1=" " ind2=" ">
         <subfield code="a">NYUACO</subfield>
         <subfield code="d">20150421</subfield>
         <subfield code="p">31924083535157</subfield>
      </datafield>
      <datafield tag="950" ind1=" " ind2=" ">
         <subfield code="a">DS38.2</subfield>
         <subfield code="b">.G59 1964</subfield>
         <subfield code="v"> </subfield>
      </datafield>
   </record>
</collection>
